@article{uno,
    author  = {Nombre del Autor1},
    title   = {Título del Artículo Uno},
    journal = {Revista de Informática},
    year    = {2023},
}

@article{dos,
    author  = {Nombre del Autor2},
    title   = {Título del Artículo Dos},
    journal = {Revista de Ingeniería},
    year    = {2022},
}
